<collection xmlns="http://www.loc.gov/MARC21/slim">
<record>
  <leader>01099nam0a22002531i 450 </leader>
  <controlfield tag="001">IT\ICCU\CNCE\071744</controlfield>
  <controlfield tag="005">20140107000000.0</controlfield>
  <datafield tag="012" ind1=" " ind2=" ">
    <subfield code="a">fed- r-ra r-s- Rola (3) 1586 (A)</subfield>
    <subfield code="2">fei</subfield>
  </datafield>
  <datafield tag="100" ind1=" " ind2=" ">
    <subfield code="a">20070905d1586        0itac0103    ba</subfield>
  </datafield>
  <datafield tag="101" ind1=" " ind2=" ">
    <subfield code="a">ITA</subfield>
  </datafield>
  <datafield tag="102" ind1=" " ind2=" ">
    <subfield code="a">FR</subfield>
  </datafield>
  <datafield tag="200" ind1="1" ind2=" ">
    <subfield code="a">℗La ℗Camilletta di Gutterry Clugnicese</subfield>
  </datafield>
  <datafield tag="210" ind1=" " ind2=" ">
    <subfield code="a">In Parigi</subfield>
    <subfield code="c">appresso Gulielmo Giuliano</subfield>
    <subfield code="d">al segno dell&apos;Amicitia</subfield>
    <subfield code="d">1586</subfield>
    <subfield code="e">Stempata \!! in Parigi</subfield>
    <subfield code="h">alli 4 agosto 1586</subfield>
  </datafield>
  <datafield tag="215" ind1=" " ind2=" ">
    <subfield code="a">172, \4! p.</subfield>
    <subfield code="d">8ʻ</subfield>
  </datafield>
  <datafield tag="620" ind1=" " ind2=" ">
    <subfield code="a">FR</subfield>
    <subfield code="d">Parigi</subfield>
  </datafield>
  <datafield tag="700" ind1=" " ind2="1">
    <subfield code="a">Guttery,</subfield>
    <subfield code="b">Gabriel de</subfield>
    <subfield code="3">IT\ICCU\CNCA\028636</subfield>
  </datafield>
  <datafield tag="712" ind1="0" ind2="0">
    <subfield code="a">Julian, Guillaume</subfield>
    <subfield code="3">IT\ICCU\CNCT\001203</subfield>
    <subfield code="4">650</subfield>
  </datafield>
  <datafield tag="790" ind1=" " ind2="1">
    <subfield code="a">Gutteri,</subfield>
    <subfield code="b">Gabriel de</subfield>
    <subfield code="3">IT\ICCU\CNCA\028637</subfield>
    <subfield code="z">Guttery, Gabriel de</subfield>
  </datafield>
  <datafield tag="790" ind1=" " ind2="1">
    <subfield code="a">Gutterry,</subfield>
    <subfield code="b">Gabriel de</subfield>
    <subfield code="3">IT\ICCU\CNCA\028638</subfield>
    <subfield code="z">Guttery, Gabriel de</subfield>
  </datafield>
  <datafield tag="791" ind1="0" ind2="0">
    <subfield code="a">Julien, Guillaume</subfield>
    <subfield code="3">IT\ICCU\CNCT\002867</subfield>
    <subfield code="z">Julian, Guillaume</subfield>
  </datafield>
  <datafield tag="791" ind1="0" ind2="0">
    <subfield code="a">Giuliano, Guglielmo</subfield>
    <subfield code="3">IT\ICCU\CNCT\003910</subfield>
    <subfield code="z">Julian, Guillaume</subfield>
  </datafield>
  <datafield tag="791" ind1="0" ind2="0">
    <subfield code="a">Jullian, Guillaume</subfield>
    <subfield code="3">IT\ICCU\CNCT\004876</subfield>
    <subfield code="z">Julian, Guillaume</subfield>
  </datafield>
  <datafield tag="801" ind1=" " ind2="3">
    <subfield code="a">IT</subfield>
    <subfield code="b">ICCU</subfield>
    <subfield code="c">20201115</subfield>
  </datafield>
  <datafield tag="899" ind1=" " ind2=" ">
    <subfield code="a">Biblioteca estera - sterreichische Nationalbibliothek. Wien</subfield>
    <subfield code="1">AA0010</subfield>
  </datafield>
</record>
</collection>
